@misc{mandelbrot_b&w,
    author    = "Protious",
    title     = "Figure \ref{fig:mandelbrot_b&w}",
    note      = "Accessed: 23.03.2021",
    url       = "https://en.wikipedia.org/wiki/File:Mandelbrot_black_itr20.png"
}

@misc{mandelbrot_color,
    author    = "Wolfgang Beyer",
    title     = "Figure \ref{fig:mandelbrot_color}",
    note      = "Accessed: 23.03.2021",
    url       = "https://commons.wikimedia.org/wiki/File:Mandel_zoom_03_seehorse.jpg"
}

@misc{complex_analysis,
    author    = "Wikipedia The Free Encyclopedia",
    title     = "Complex analysis",
    note      = "Accessed: 23.03.2021",
    url       = "https://en.wikipedia.org/wiki/Complex_analysis"
}

@misc{mandelbrot_set,
    author    = "Wikipedia The Free Encyclopedia",
    title     = "Mandelbrot set",
    note      = "Accessed: 23.03.2021",
    url       = "https://en.wikipedia.org/wiki/Mandelbrot_set"
}

@misc{mandelbrot_plotting,
    author    = "Wikipedia The Free Encyclopedia",
    title     = "Plotting algorithms for the Mandelbrot set",
    note      = "Accessed: 23.03.2021",
    url       = "https://en.wikipedia.org/wiki/Plotting_algorithms_for_the_Mandelbrot_set#Escape_time_algorithm"
}

@misc{julia_set_wiki,
    author    = "Wikipedia The Free Encyclopedia",
    title     = "Julia set",
    note      = "Accessed: 23.03.2021",
    url       = "https://en.wikipedia.org/wiki/Juila_set"
}

@misc{julia_set_wolfram,
    author    = "Wolfram Mathworld",
    title     = "Julia set",
    note      = "Accessed: 23.03.2021",
    url       = "https://mathworld.wolfram.com/JuliaSet.html"
}


@misc{glfw,
    author    = "Anonymous",
    title     = "GLFW Documentation",
    note      = "Accessed: 23.03.2021",
    url       = "https://www.glfw.org/documentation"
}


@misc{anton_gerdelan,
    author    = "Anton Gerdelan",
    title     = "\enquote{Hello Triangle} OpenGL 4 Up and Running",
    note      = "Accessed: 23.03.2021",
    url       = "https://antongerdelan.net/opengl/hellotriangle.html"
}

@misc{cherno,
    author    = "The Cherno",
    title     = "OpenGL playlist",
    note      = "Accessed: 23.03.2021",
    url       = "https://www.youtube.com/playlist?list=PLlrATfBNZ98foTJPJ_Ev03o2oq3-GGOS2"
}

@misc{so_mv,
    author    = "Mikuláš Vanoušek",
    title     = "How to write an OpenGL fragment shader in two stages?",
    note      = "Accessed: 23.03.2021",
    url       = "https://stackoverflow.com/questions/66430125/how-to-write-an-opengl-fragment-shader-in-two-stages/66598188#66598188"
}

@misc{so_2,
    author    = "MorganS42 and Hovercraft Full Of Eels and Spektre",
    title     = "Can't find a way to color the Mandelbrot-set the way i'm aiming for",
    note      = "Accessed: 23.03.2021",
    url       = "https://stackoverflow.com/questions/56195735/cant-find-a-way-to-color-the-mandelbrot-set-the-way-im-aiming-for"
}

@misc{so_3,
    author    = "user8108238 and Spektre",
    title     = "Mandelbrot Set - Color Spectrum Suggestions?",
    note      = "Accessed: 23.03.2021",
    url       = "https://stackoverflow.com/questions/53658296/mandelbrot-set-color-spectrum-suggestions/53666890#53666890"
}